@article{almeida:2008consistent,
  title={A consistent metric for nestedness analysis in ecological systems: reconciling concept and measurement},
  author={Almeida-Neto, M{\'a}rio and Guimaraes, Paulo and Guimar{\~a}es, Paulo R and Loyola, Rafael D and Ulrich, Werner},
  journal={Oikos},
  volume={117},
  number={8},
  pages={1227--1239},
  year={2008},
  publisher={Wiley Online Library}
}

@article{alvarez:2005k,
  title={k-core decomposition: A tool for the visualization of large scale networks},
  author={Alvarez-Hamelin, Jos{\'e} Ignacio and Dall'Asta, Luca and Barrat, Alain and Vespignani, Alessandro},
  journal={arXiv preprint cs/0504107},
  year={2005}
}

@article{astegiano:2015robustness,
  title={The Robustness of Plant-Pollinator Assemblages: Linking Plant Interaction Patterns and Sensitivity to Pollinator Loss},
  author={Astegiano, Julia and Massol, Fran{\c{c}}ois and Vidal, Mariana Morais and Cheptou, Pierre-Olivier and Guimar{\~a}es Jr, Paulo R},
  journal={PloS one},
  volume={10},
  number={2},
  pages={e0117243},
  year={2015},
  publisher={Public Library of Science}
}

@article{bascompte:2003nested,
  title={The nested assembly of plant--animal mutualistic networks},
  author={Bascompte, Jordi and Jordano, Pedro and Meli{\'a}n, Carlos J and Olesen, Jens M},
  journal={Proceedings of the National Academy of Sciences},
  volume={100},
  number={16},
  pages={9383--9387},
  year={2003},
  publisher={National Acad Sciences}
}


@article{bascompte:2007plant,
  title={Plant-animal mutualistic networks: the architecture of biodiversity},
  author={Bascompte, Jordi and Jordano, Pedro},
  journal={Annual Review of Ecology, Evolution, and Systematics},
  pages={567--593},
  year={2007},
  publisher={JSTOR}
}

@book{bascompte:2013mutualistic,
  title={Mutualistic networks},
  author={Bascompte, Jordi and Jordano, Pedro},
  year={2013},
  publisher={Princeton University Press}
}


@article{bastolla:2009architecture,
  title={The architecture of mutualistic networks minimizes competition and increases biodiversity},
  author={Bastolla, Ugo and Fortuna, Miguel A and Pascual-Garc{\'\i}a, Alberto and Ferrera, Antonio and Luque, Bartolo and Bascompte, Jordi},
  journal={Nature},
  volume={458},
  number={7241},
  pages={1018--1020},
  year={2009},
  publisher={Nature Publishing Group}
}

@article{campbell:2012topology,
  title={Topology of plant-pollinator networks that are vulnerable to collapse from species extinction},
  author={Campbell, Colin and Yang, Suann and Shea, Katriona and Albert, R{\'e}ka},
  journal={Physical Review E},
  volume={86},
  number={2},
  pages={021924},
  year={2012},
  publisher={APS}
}

@article{carlo:2003avian,
  title={Avian fruit preferences across a Puerto Rican forested landscape: pattern consistency and implications for seed removal},
  author={Carlo, Tom{\'a}s A and Collazo, Jaime A and Groom, Martha J},
  journal={Oecologia},
  volume={134},
  number={1},
  pages={119--131},
  year={2003},
  publisher={Springer}
}

@article{chagnon2015:characterizing,
  title={Characterizing topology of ecological networks along gradients: The limits of metrics standardization},
  author={Chagnon, P.-L.},
  journal={Ecological Complexity},
  volume={22},
  pages={36--39},
  year={2015},
  publisher={Springer}
}

@article{crome:1975ecology,
  title={The ecology of fruit pigeons in tropical Northern Queensland},
  author={Crome, FHJ},
  journal={Wildlife Research},
  volume={2},
  number={2},
  pages={155--185},
  year={1975},
  publisher={CSIRO}
}

@article{csardi:2006igraph,
  title={The igraph software package for complex network research},
  author={Csardi, Gabor and Nepusz, Tamas},
  journal={InterJournal, Complex Systems},
  volume={1695},
  number={5},
  pages={1--9},
  year={2006}
}

@article{dakos:2015resilience,
  title={Resilience indicators: prospects and limitations for early warnings of regime shifts},
  author={Dakos, Vasilis and Carpenter, Stephen R and van Nes, Egbert H and Scheffer, Marten},
  journal={Philosophical Transactions of the Royal Society of London B: Biological Sciences},
  volume={370},
  number={1659},
  pages={20130263},
  year={2015},
  publisher={The Royal Society}
}


@article{dakos:2014critical,
  title={Critical slowing down as early warning for the onset of collapse in mutualistic communities},
  author={Dakos, Vasilis and Bascompte, Jordi},
  journal={Proceedings of the National Academy of Sciences},
  volume={111},
  number={49},
  pages={17546--17551},
  year={2014},
  publisher={National Acad Sciences}
}

@article{dominguez:2015ranking,
  title={Ranking species in mutualistic networks},
  author={Dom{\'\i}nguez-Garc{\'\i}a, Virginia and Mu{\~n}oz, Miguel A},
  journal={Scientific reports},
  volume={5},
  year={2015},
  publisher={Nature Publishing Group}
}

@article{dorogovtsev:2006k,
  title={K-core organization of complex networks},
  author={Dorogovtsev, Sergey N and Goltsev, Alexander V and Mendes, Jose Ferreira F},
  journal={Physical review letters},
  volume={96},
  number={4},
  pages={040601},
  year={2006},
  publisher={APS}
}

@article{dunne:2002biodiversity,
  title={Network structure and biodiversity loss in food webs: robustness increases with connectance},
  author={Dunne, Jennifer A.  and Williams, Richard J.  and Martinez, Neo D.},
  journal={Ecology letters},
  volume={5},
  number={4},
  pages={558--567},
  year={2002},
  publisher={Blackwell Science Ltd}
}

@article{feng:2014heterogeneity,
  title={Heterogeneity in ecological mutualistic networks dominantly determines community stability},
  author={Feng, Wenfeng and Takemoto, Kazuhiro},
  journal={Scientific reports},
  volume={4},
  year={2014},
  publisher={Nature Publishing Group}
}

@article{fortuna:2010nestedness,
  title={Nestedness versus modularity in ecological networks: two sides of the same coin?},
  author={Fortuna, Miguel A and Stouffer, Daniel B and Olesen, Jens M and Jordano, Pedro and Mouillot, David and Krasnov, Boris R and Poulin, Robert and Bascompte, Jordi},
  journal={Journal of Animal Ecology},
  volume={79},
  number={4},
  pages={811--817},
  year={2010},
  publisher={Wiley Online Library}
}

@article{fortuna:2014web,
  title={The Web of Life},
  author={Fortuna, Miguel A and Ortega, Raul and Bascompte, Jordi and},
  journal={arXiv preprint abs/1403.2575},
  year={2014}
}

@article{galeano:2009weighted,
  title={Weighted-interaction nestedness estimator (WINE): a new estimator to calculate over frequency matrices},
  author={Galeano, Javier and Pastor, Juan M and Iriondo, Jose M},
  journal={Environmental Modelling \& Software},
  volume={24},
  number={11},
  pages={1342--1346},
  year={2009},
  publisher={Elsevier}
}

@article{gilarranz:2012architecture,
  title={The architecture of weighted mutualistic networks},
  author={Gilarranz, Luis J and Pastor, Juan M and Galeano, Javier},
  journal={Oikos},
  volume={121},
  number={7},
  pages={1154--1162},
  year={2012},
  publisher={Wiley Online Library}
}

@article{james:2012disentangling,
  title={Disentangling nestedness from models of ecological complexity},
  author={James, Alex and Pitchford, Jonathan W and Plank, Michael J},
  journal={Nature},
  volume={487},
  number={7406},
  pages={227--230},
  year={2012},
  publisher={Nature Publishing Group}
}

@article{kato:1990insect,
  title={Insect-flower relationship in the primary beech forest of Ashu, Kyoto: an overview of the flowering phenology and the seasonal pattern of insect visits},
  author={Kato, Makoto and Kakutani, Takehiko and Inoue, Tamiji and Itino, Takao and others},
  year={1990},
  publisher={Biological Laboratory, Kyoto University}
}

@article{kitsak:2010identification,
  title={Identification of influential spreaders in complex networks},
  author={Kitsak, Maksim and Gallos, Lazaros K and Havlin, Shlomo and Liljeros, Fredrik and Muchnik, Lev and Stanley, H Eugene and Makse, Hern{\'a}n A},
  journal={Nature Physics},
  volume={6},
  number={11},
  pages={888--893},
  year={2010},
  publisher={Nature Publishing Group}
}

@article{latora:2005vulnerability,
  title={Vulnerability and protection of infrastructure networks},
  author={Latora, Vito and Marchiori, Massimo},
  journal={Physical Review E},
  volume={71},
  number={1},
  pages={015103},
  year={2005},
  publisher={APS}
}

@article{lever:2014sudden,
  title={The sudden collapse of pollinator communities},
  author={Lever, J Jelle and Nes, Egbert H and Scheffer, Marten and Bascompte, Jordi},
  journal={Ecology letters},
  volume={17},
  number={3},
  pages={350--359},
  year={2014},
  publisher={Wiley Online Library}
}

@article{newman:2004finding,
  title={Finding and evaluating community structure in networks},
  author={Newman, Mark EJ and Girvan, Michelle},
  journal={Physical review E},
  volume={69},
  number={2},
  pages={026113},
  year={2004},
  publisher={APS}
}

@article{olesen:2007modularity,
  title={The modularity of pollination networks},
  author={Olesen, Jens M and Bascompte, Jordi and Dupont, Yoko L and Jordano, Pedro},
  journal={Proceedings of the National Academy of Sciences},
  volume={104},
  number={50},
  pages={19891--19896},
  year={2007},
  publisher={National Acad Sciences}
}

@article{pastor:2015dragging,
  title={Dragging in Mutualistic Networks},
  author={Pastor, Juan and  Garcia-Algarra, Javier and Iriondo, Jos{\'e} M and Ramasco, Jos{\'e} J and Galeano, Javier},
  journal={Networks \& Heterogeneous Media},
  volume={10},
  number={1},
  year={2015}
}

@article{Podani:2014new,
  title={A new approach to exploring architecture of bipartite ecological networks},
  author={Podani, J. and Jord{\'a}n, F. and Schmera, D.},
  journal={Journal of Complex Networks}
  volume={2},
  pages={168--186},
  year={2014}
}

@article{saavedra:2009simple,
  title={A simple model of bipartite cooperation for ecological and organizational networks},
  author={Saavedra, Serguei and Reed-Tsochas, Felix and Uzzi, Brian},
  journal={Nature},
  volume={457},
  number={7228},
  pages={463--466},
  year={2009},
  publisher={Nature Publishing Group}
}

@article{saavedra:2011strong,
  title={Strong contributors to network persistence are the most vulnerable to extinction},
  author={Saavedra, Serguei and Stouffer, Daniel B and Uzzi, Brian and Bascompte, Jordi},
  journal={Nature},
  volume={478},
  number={7368},
  pages={233--235},
  year={2011},
  publisher={Nature Publishing Group}
}

@article{santamaria:2015removing,
  title={Removing interactions, rather than species, casts doubt on the high robustness of pollination networks},
  author={Santamar{\'\i}a, Silvia and Galeano, Javier and Pastor, Juan Manuel and M{\'e}ndez, Marcos},
  journal={Oikos},
  year={2015},
  publisher={Blackwell Publishing Ltd}
}

@article{seidman:1983network,
  title={Network structure and minimum degree},
  author={Seidman, Stephen B},
  journal={Social networks},
  volume={5},
  number={3},
  pages={269--287},
  year={1983},
  publisher={Elsevier}
}

@article{sole:2001fragility,
  title={Complexity and fragility in ecological networks},
  author={Sole, Ricard and Montoya, Jose M.},
  journal={Proc. R. Soc. Lond. B},
  volume={268},
  number={ },
  pages={2039--2045},
  year={2001},
  publisher={ The Royal Society}
}


@article{staniczenko:2013ghost,
  title={The ghost of nestedness in ecological networks},
  author={Staniczenko, Phillip PA and Kopp, Jason C and Allesina, Stefano},
  journal={Nature communications},
  volume={4},
  pages={1391},
  year={2013},
  publisher={Nature Publishing Group}
}

@article{strona:2015new,
  title={A new measure of ecological network structure based on node overlap and segregation},
  author={Strona, Giovanni and Veech, Joseph A},
  journal={Methods in Ecology and Evolution},
  year={2015},
  publisher={Wiley Online Library}
}


@article{suweis:2013emergence,
  title={Emergence of structural and dynamical properties of ecological mutualistic networks},
  author={Suweis, Samir and Simini, Filippo and Banavar, Jayanth R and Maritan, Amos},
  journal={Nature},
  volume={500},
  number={7463},
  pages={449--452},
  year={2013},
  publisher={Nature Publishing Group}
}

@article{thebault:2010stability,
  title={Stability of ecological communities and the architecture of mutualistic and trophic networks},
  author={Th{\'e}bault, Elisa and Fontaine, Colin},
  journal={Science},
  volume={329},
  number={5993},
  pages={853--856},
  year={2010},
  publisher={American Association for the Advancement of Science}
}

@article{vidal:2014frugivores,
  title={Frugivores at higher risk of extinction are the key elements of a mutualistic network},
  author={Vidal, Mariana M and Hasui, Erica and Pizo, Marco A and Tamashiro, Jorge Y and Silva, Wesley R and Guimar{\~a}es Jr, Paulo R},
  journal={Ecology},
  volume={95},
  number={12},
  pages={3440--3447},
  year={2014},
  publisher={Eco Soc America}
}

@article{zhang:2010using,
  title={Using the k-core decomposition to analyze the static structure of large-scale software systems},
  author={Zhang, Haohua and Zhao, Hai and Cai, Wei and Liu, Jie and Zhou, Wanlei},
  journal={The Journal of Supercomputing},
  volume={53},
  number={2},
  pages={352--369},
  year={2010},
  publisher={Springer}
}
